@String(PAMI = {IEEE Trans. Pattern Anal. Mach. Intell.})
@String(IJCV = {Int. J. Comput. Vis.})
@String(CVPR= {IEEE Conf. Comput. Vis. Pattern Recog.})
@String(ICCV= {Int. Conf. Comput. Vis.})
@String(ECCV= {Eur. Conf. Comput. Vis.})
@String(NIPS= {Adv. Neural Inform. Process. Syst.})
@String(ICPR = {Int. Conf. Pattern Recog.})
@String(BMVC= {Brit. Mach. Vis. Conf.})
@String(TOG= {ACM Trans. Graph.})
@String(TIP  = {IEEE Trans. Image Process.})
@String(TVCG  = {IEEE Trans. Vis. Comput. Graph.})
@String(TMM  = {IEEE Trans. Multimedia})
@String(ACMMM= {ACM Int. Conf. Multimedia})
@String(ICME = {Int. Conf. Multimedia and Expo})
@String(ICASSP=	{ICASSP})
@String(ICIP = {IEEE Int. Conf. Image Process.})
@String(ACCV  = {ACCV})
@String(ICLR = {Int. Conf. Learn. Represent.})
@String(IJCAI = {IJCAI})
@String(PR   = {Pattern Recognition})
@String(AAAI = {AAAI})
@String(CVPRW= {IEEE Conf. Comput. Vis. Pattern Recog. Worksh.})
@String(CSVT = {IEEE Trans. Circuit Syst. Video Technol.})

@String(SPL	= {IEEE Sign. Process. Letters})
@String(VR   = {Vis. Res.})
@String(JOV	 = {J. Vis.})
@String(TVC  = {The Vis. Comput.})
@String(JCST  = {J. Comput. Sci. Tech.})
@String(CGF  = {Comput. Graph. Forum})
@String(CVM = {Computational Visual Media})


@String(PAMI  = {IEEE TPAMI})
@String(IJCV  = {IJCV})
@String(CVPR  = {CVPR})
@String(ICCV  = {ICCV})
@String(ECCV  = {ECCV})
@String(NIPS  = {NeurIPS})
@String(ICPR  = {ICPR})
@String(BMVC  =	{BMVC})
@String(TOG   = {ACM TOG})
@String(TIP   = {IEEE TIP})
@String(TVCG  = {IEEE TVCG})
@String(TCSVT = {IEEE TCSVT})
@String(TMM   =	{IEEE TMM})
@String(ACMMM = {ACM MM})
@String(ICME  =	{ICME})
@String(ICASSP=	{ICASSP})
@String(ICIP  = {ICIP})
@String(ACCV  = {ACCV})
@String(ICLR  = {ICLR})
@String(IJCAI = {IJCAI})
@String(PR = {PR})
@String(AAAI = {AAAI})
@String(CVPRW= {CVPRW})
@String(CSVT = {IEEE TCSVT})



@article{BigEarthNetImg,
  title={BigEarthNet Dataset with A New Class-Nomenclature for Remote Sensing Image Understanding},
  author={Gencer Sumbul and Jian Kang and Tristan Kreuziger and Filipe Marcelino and Hugo Costa and Pedro Benevides and Mario R. Caetano and Beg{\"u}m Demir},
  journal={arXiv: Computer Vision and Pattern Recognition},
  year={2020},
  url={https://api.semanticscholar.org/CorpusID:212711628}
}

@misc{linProb,
      title={Understanding Linear Probing then Fine-tuning Language Models from NTK Perspective}, 
      author={Akiyoshi Tomihari and Issei Sato},
      year={2024},
      eprint={2405.16747},
      archivePrefix={arXiv},
      primaryClass={cs.LG},
      url={https://arxiv.org/abs/2405.16747}, 
}

@ARTICLE{benchmark,
  author={Sumbul, Gencer and Demİr, Begüm},
  journal={IEEE Access}, 
  title={A Deep Multi-Attention Driven Approach for Multi-Label Remote Sensing Image Classification}, 
  year={2020},
  volume={8},
  number={},
  pages={95934-95946},
  keywords={Spatial resolution;Remote sensing;Training;Neural networks;Computational modeling;Adaptation models;Multi-label image classification;deep neural network;multi-attention strategy;remote sensing},
  doi={10.1109/ACCESS.2020.2995805}}

@misc{umap,
      title={UMAP: Uniform Manifold Approximation and Projection for Dimension Reduction}, 
      author={Leland McInnes and John Healy and James Melville},
      year={2020},
      eprint={1802.03426},
      archivePrefix={arXiv},
      primaryClass={stat.ML},
      url={https://arxiv.org/abs/1802.03426}, 
}

@article{bigEartNetMM,
   title={BigEarthNet-MM: A Large-Scale, Multimodal, Multilabel Benchmark Archive for Remote Sensing Image Classification and Retrieval [Software and Data Sets]},
   volume={9},
   ISSN={2373-7468},
   url={http://dx.doi.org/10.1109/MGRS.2021.3089174},
   DOI={10.1109/mgrs.2021.3089174},
   number={3},
   journal={IEEE Geoscience and Remote Sensing Magazine},
   publisher={Institute of Electrical and Electronics Engineers (IEEE)},
   author={Sumbul, Gencer and de Wall, Arne and Kreuziger, Tristan and Marcelino, Filipe and Costa, Hugo and Benevides, Pedro and Caetano, Mario and Demir, Begum and Markl, Volker},
   year={2021},
   month=sep, pages={174–180} }


@misc{resnet,
      title={Deep Residual Learning for Image Recognition}, 
      author={Kaiming He and Xiangyu Zhang and Shaoqing Ren and Jian Sun},
      year={2015},
      eprint={1512.03385},
      archivePrefix={arXiv},
      primaryClass={cs.CV},
      url={https://arxiv.org/abs/1512.03385}, 
}

@misc{fmow,
      title={Functional Map of the World}, 
      author={Gordon Christie and Neil Fendley and James Wilson and Ryan Mukherjee},
      year={2018},
      eprint={1711.07846},
      archivePrefix={arXiv},
      primaryClass={cs.CV},
      url={https://arxiv.org/abs/1711.07846}, 
}

@misc{mocoV2,
      title={Improved Baselines with Momentum Contrastive Learning}, 
      author={Xinlei Chen and Haoqi Fan and Ross Girshick and Kaiming He},
      year={2020},
      eprint={2003.04297},
      archivePrefix={arXiv},
      primaryClass={cs.CV},
      url={https://arxiv.org/abs/2003.04297}, 
}

@misc{diffusion,
      title={Denoising Diffusion Probabilistic Models}, 
      author={Jonathan Ho and Ajay Jain and Pieter Abbeel},
      year={2020},
      eprint={2006.11239},
      archivePrefix={arXiv},
      primaryClass={cs.LG},
      url={https://arxiv.org/abs/2006.11239}, 
}

@misc{DiffSat,
      title={DiffusionSat: A Generative Foundation Model for Satellite Imagery}, 
      author={Samar Khanna and Patrick Liu and Linqi Zhou and Chenlin Meng and Robin Rombach and Marshall Burke and David Lobell and Stefano Ermon},
      year={2024},
      eprint={2312.03606},
      archivePrefix={arXiv},
      primaryClass={cs.CV},
      url={https://arxiv.org/abs/2312.03606}, 
}

@misc{prediff,
      title={PreDiff: Precipitation Nowcasting with Latent Diffusion Models}, 
      author={Zhihan Gao and Xingjian Shi and Boran Han and Hao Wang and Xiaoyong Jin and Danielle Maddix and Yi Zhu and Mu Li and Yuyang Wang},
      year={2023},
      eprint={2307.10422},
      archivePrefix={arXiv},
      primaryClass={cs.LG},
      url={https://arxiv.org/abs/2307.10422}, 
}

@ARTICLE{rvsa,
  author={Wang, Di and Zhang, Qiming and Xu, Yufei and Zhang, Jing and Du, Bo and Tao, Dacheng and Zhang, Liangpei},
  journal={IEEE Transactions on Geoscience and Remote Sensing}, 
  title={Advancing Plain Vision Transformer Toward Remote Sensing Foundation Model}, 
  year={2023},
  volume={61},
  number={},
  pages={1-15},
  keywords={Task analysis;Transformers;Computational modeling;Feature extraction;Remote sensing;Adaptation models;Visualization;Object detection;remote sensing (RS);scene classification;semantic segmentation;vision transformer (ViT)},
  doi={10.1109/TGRS.2022.3222818}}

@misc{SatMAE,
      title={SatMAE: Pre-training Transformers for Temporal and Multi-Spectral Satellite Imagery}, 
      author={Yezhen Cong and Samar Khanna and Chenlin Meng and Patrick Liu and Erik Rozi and Yutong He and Marshall Burke and David B. Lobell and Stefano Ermon},
      year={2023},
      eprint={2207.08051},
      archivePrefix={arXiv},
      primaryClass={cs.CV},
      url={https://arxiv.org/abs/2207.08051}, 
}

@INPROCEEDINGS{maskedAutoEncoder,
  author={He, Kaiming and Chen, Xinlei and Xie, Saining and Li, Yanghao and Dollár, Piotr and Girshick, Ross},
  booktitle={2022 IEEE/CVF Conference on Computer Vision and Pattern Recognition (CVPR)}, 
  title={Masked Autoencoders Are Scalable Vision Learners}, 
  year={2022},
  volume={},
  number={},
  pages={15979-15988},
  keywords={Training;Couplings;Computer vision;Computational modeling;Computer architecture;Data models;Pattern recognition;Representation learning; Self-& semi-& meta- & unsupervised learning},
  doi={10.1109/CVPR52688.2022.01553}}

@misc{presto,
      title={Lightweight, Pre-trained Transformers for Remote Sensing Timeseries}, 
      author={Gabriel Tseng and Ruben Cartuyvels and Ivan Zvonkov and Mirali Purohit and David Rolnick and Hannah Kerner},
      year={2024},
      eprint={2304.14065},
      archivePrefix={arXiv},
      primaryClass={cs.CV},
      url={https://arxiv.org/abs/2304.14065}, 
}

@misc{transformer,
      title={Attention Is All You Need}, 
      author={Ashish Vaswani and Noam Shazeer and Niki Parmar and Jakob Uszkoreit and Llion Jones and Aidan N. Gomez and Lukasz Kaiser and Illia Polosukhin},
      year={2023},
      eprint={1706.03762},
      archivePrefix={arXiv},
      primaryClass={cs.CL},
      url={https://arxiv.org/abs/1706.03762}, 
}

@article{foundationModels,
  author       = {Rishi Bommasani and
                  Drew A. Hudson and
                  Ehsan Adeli and
                  Russ B. Altman and
                  Simran Arora and
                  Sydney von Arx and
                  Michael S. Bernstein and
                  Jeannette Bohg and
                  Antoine Bosselut and
                  Emma Brunskill and
                  Erik Brynjolfsson and
                  Shyamal Buch and
                  Dallas Card and
                  Rodrigo Castellon and
                  Niladri S. Chatterji and
                  Annie S. Chen and
                  Kathleen Creel and
                  Jared Quincy Davis and
                  Dorottya Demszky and
                  Chris Donahue and
                  Moussa Doumbouya and
                  Esin Durmus and
                  Stefano Ermon and
                  John Etchemendy and
                  Kawin Ethayarajh and
                  Li Fei{-}Fei and
                  Chelsea Finn and
                  Trevor Gale and
                  Lauren Gillespie and
                  Karan Goel and
                  Noah D. Goodman and
                  Shelby Grossman and
                  Neel Guha and
                  Tatsunori Hashimoto and
                  Peter Henderson and
                  John Hewitt and
                  Daniel E. Ho and
                  Jenny Hong and
                  Kyle Hsu and
                  Jing Huang and
                  Thomas Icard and
                  Saahil Jain and
                  Dan Jurafsky and
                  Pratyusha Kalluri and
                  Siddharth Karamcheti and
                  Geoff Keeling and
                  Fereshte Khani and
                  Omar Khattab and
                  Pang Wei Koh and
                  Mark S. Krass and
                  Ranjay Krishna and
                  Rohith Kuditipudi and
                  et al.},
  title        = {On the Opportunities and Risks of Foundation Models},
  journal      = {CoRR},
  volume       = {abs/2108.07258},
  year         = {2021},
  url          = {https://arxiv.org/abs/2108.07258},
  eprinttype    = {arXiv},
  eprint       = {2108.07258},
  timestamp    = {Fri, 17 Feb 2023 09:02:02 +0100},
  biburl       = {https://dblp.org/rec/journals/corr/abs-2108-07258.bib},
  bibsource    = {dblp computer science bibliography, https://dblp.org}
}

@INPROCEEDINGS{geoAwareSelfSuper,
  author={Ayush, Kumar and Uzkent, Burak and Meng, Chenlin and Tanmay, Kumar and Burke, Marshall and Lobell, David and Ermon, Stefano},
  booktitle={2021 IEEE/CVF International Conference on Computer Vision (ICCV)}, 
  title={Geography-Aware Self-Supervised Learning}, 
  year={2021},
  volume={},
  number={},
  pages={10161-10170},
  keywords={Training;Image segmentation;Computer vision;Supervised learning;Semantics;Object detection;Task analysis;Representation learning;Datasets and evaluation;Recognition and classification;Transfer/Low-shot/Semi/Unsupervised Learning},
  doi={10.1109/ICCV48922.2021.01002}}

@article{Alpher03,
author = {FirstName Alpher and  FirstName Fotheringham-Smythe},
title = {Frobnication revisited},
journal = {Journal of Foo},
volume = 13,
number = 1,
pages = {234--778},
year = 2003
}

@article{Alpher04,
author = {FirstName Alpher and FirstName Fotheringham-Smythe and FirstName Gamow},
title = {Can a machine frobnicate?},
journal = {Journal of Foo},
volume = 14,
number = 1,
pages = {234--778},
year = 2004
}

@inproceedings{Alpher05,
author = {FirstName Alpher and FirstName Gamow},
title = {Can a computer frobnicate?},
booktitle = CVPR,
pages = {234--778},
year = 2005
}
